<record><leader>00000cas a22000007a 4500</leader><controlfield tag="001">10812232</controlfield><controlfield tag="008">840606d18431848inuwr ne      0    0eng d</controlfield><datafield ind1=" " ind2=" " tag="010"><subfield code="a">sn 84024493 </subfield></datafield><datafield ind1=" " ind2=" " tag="040"><subfield code="a">NPV</subfield><subfield code="b">eng</subfield><subfield code="c">NPV</subfield><subfield code="d">NPX</subfield><subfield code="d">NPI</subfield><subfield code="d">NVF</subfield><subfield code="d">OCL</subfield><subfield code="d">OCLCQ</subfield><subfield code="d">OCLCF</subfield><subfield code="d">OCLCO</subfield></datafield><datafield ind1=" " ind2=" " tag="042"><subfield code="a">msc</subfield></datafield><datafield ind1="0" ind2="4" tag="245"><subfield code="a">The Indiana blade.</subfield></datafield><datafield ind1=" " ind2=" " tag="260"><subfield code="a">Rising Sun, Ia. [Ind.] :</subfield><subfield code="b">S.F. Covington,</subfield><subfield code="c">1843-1848.</subfield></datafield><datafield ind1=" " ind2=" " tag="300"><subfield code="a">v.</subfield></datafield><datafield ind1=" " ind2=" " tag="310"><subfield code="a">Weekly</subfield></datafield><datafield ind1="0" ind2=" " tag="362"><subfield code="a">Vol. 1, no. 1 (Mar. 25, 1843)-v. 6, no. 13 (June 3, 1848).</subfield></datafield><datafield ind1=" " ind2=" " tag="500"><subfield code="a">Publishers: Mar. 25, 1843-Feb. 5, 1845, S.F. Covington; Feb. 22, 1845-Aug. 23, 1845, S.F. &amp; J.B. Covington; Aug. 30, 1845-Feb. 1848, J.B. Covington; Mar. 1848-June 1848, Geo. Armor and J.S. Jennison.</subfield></datafield><datafield ind1=" " ind2=" " tag="515"><subfield code="a">Between vol. 2 and vol. 3, publishing day changes from Wednesday to Saturday. No issues published between Feb. 5, 1845 and Feb. 22, 1845.</subfield></datafield><datafield ind1=" " ind2=" " tag="580"><subfield code="a">Published a semiweekly ed., Dec. 6, 1844-Feb. 22, 1845. Cf. Miller, J.W.  Ind. newspaper bibl.</subfield></datafield><datafield ind1=" " ind2="0" tag="651"><subfield code="a">Rising Sun (Ind.)</subfield><subfield code="v">Newspapers.</subfield></datafield><datafield ind1=" " ind2="7" tag="655"><subfield code="a">Newspapers.</subfield><subfield code="2">fast</subfield><subfield code="0">(OCoLC)fst01423814</subfield></datafield><datafield ind1=" " ind2="7" tag="651"><subfield code="a">Indiana</subfield><subfield code="z">Rising Sun.</subfield><subfield code="2">fast</subfield><subfield code="0">(OCoLC)fst01257705</subfield></datafield><datafield ind1=" " ind2=" " tag="752"><subfield code="a">United States</subfield><subfield code="b">Indiana</subfield><subfield code="c">Ohio</subfield><subfield code="d">Rising Sun.</subfield></datafield><datafield ind1="0" ind2="0" tag="785"><subfield code="t">Indiana Whig (Rising Sun, Ind.)</subfield><subfield code="w">(DLC)sn 85047694</subfield></datafield></record>